@Book{wedler,
	author = "Gerd Wedler",
	title = "Lehrbuch der Physikalischen Chemie",
	publisher = "Wiley-VCH",
	address = "Weinheim",
	year = 1997,
	edition = 4,
	isbn = "3-527-29481-3"
}
@Book{baerns,
	author = "Manfred Baerns and Hanns Hofmann and Albert Renken",
	title = "Chemische Reaktionstechnik",
	publisher = "Georg Thieme Verlag",
	address = "Stuttgart, New York",
	year = 1987,
	isbn = "3-13-687501-X"
}
@Manual{avhale,
	title =        "Versuchsbeschreibung Effektiver Diffusionskoeffizient",
	author =       "Abhijeet Avhale",
	organization = "Lehrstuhl fuer Chemische Reaktionstechnik",
	address =      "Erlangen",
	month =        "Mar",
	year =         "2005"
}
@Manual{wasserscheid,
	title =        "Reaction Engineering, Core Lecture",
	author =       "Prof. Peter Wasserscheid",
	organization = "Lehrstuhl fuer Chemische Reaktionstechnik",
	address =      "Erlangen",
	month =        "",
	year =         "2005"
}
@BOOKLET{methanol,
    author = "Gunter Wolf",
    title = "Methanol- d4",
    month = "Septemper",
    year = "1997",
    url = "http://www.chem.uni-potsdam.de/tools/solvents/cd4o.htm",
    lastchecked = "May\,19th\,2005",
    note = "Section Physical data"
}

@BOOKLET{mass,
    author = "Chemie.de",
    title = "Molecular Mass Calculation",
    url = "http://www.chemie.de/tools/mm.php3?language=e",
    lastchecked = "May\,20th\,2005"
}

